@article{xiao2016quantifying,
	title={Quantifying and reducing model-form uncertainties in Reynolds-averaged Navier--Stokes simulations: A data-driven, physics-informed Bayesian approach},
	author={Xiao, Heng and Wu, J-L and Wang, J-X and Sun, Rui and Roy, Christopher J},
	journal={Journal of Computational Physics},
	volume={324},
	pages={115--136},
	year={2016},
	publisher={Elsevier}
}

@article{ling2016reynolds,
	title={Reynolds averaged turbulence modelling using deep neural networks with embedded invariance},
	author={Ling, Julia and Kurzawski, Andrew and Templeton, Jeremy},
	journal={Journal of Fluid Mechanics},
	volume={807},
	pages={155--166},
	year={2016},
	publisher={Cambridge University Press}
}

@article{strofer2021end,
	title={End-to-end differentiable learning of turbulence models from indirect observations},
	author={Michel{\'e}n--Str{\"o}fer, Carlos A and Xiao, Heng},
	journal={Theoretical and Applied Mechanics Letters},
	volume={11},
	number={4},
	pages={100280},
	year={2021},
	publisher={Elsevier}
}

@article{zhang2022ensemble,
	title={Ensemble Kalman method for learning turbulence models from indirect observation data},
	author={Zhang, Xin-Lei and Xiao, Heng and Luo, Xiaodong and He, Guowei},
	journal={Journal of Fluid Mechanics},
	volume={949},
	pages={A26},
	year={2022},
	publisher={Cambridge University Press}
}

@article{zhang2020regularized,
	title={Regularized ensemble Kalman methods for inverse problems},
	author={Zhang, Xin-Lei and Michel{\'e}n-Str{\"o}fer, Carlos and Xiao, Heng},
	journal={Journal of Computational Physics},
	volume={416},
	pages={109517},
	year={2020},
	publisher={Elsevier}
}

@article{zhang2023physical,
	title={Physical interpretation of neural network-based nonlinear eddy viscosity models},
	author={Zhang, Xin-Lei and Xiao, Heng and Jee, Solkeun and He, Guowei},
	journal={Aerospace Science and Technology},
	volume={142},
	eid={108632},
	year={2023},
	publisher={Elsevier}
}

@article{wang2023first,
  title={First-principle-like reinforcement learning of nonlinear numerical schemes for conservation laws},
  author={Wang, Hao-Chen and Yu, Meilin and Xiao, Heng},
  journal={arXiv preprint arXiv:2312.13260},
  year={2023}
}

@article{liu2024ftc,
	title={Learning Physically Consistent Nonlinear Eddy Viscosity Models for Generalizability},
	author={Liu, Zhuoran-Ran and Zhou, Xuhui and Xiao, Heng},
	journal={To be submitted},
	year={2024}
}
                  
@article{wu2018seeing,
	title={Seeing permeability from images: Fast prediction with convolutional neural networks},
	author={Wu, J.-L.  and Yin X. and Xiao H.},
	journal={Science Bulletin},
	year={2018},
	volume={63},
	pages={1215-1222}
}
                  
@article{zhou2022neural,
	title={Neural network-based pore flow field prediction in porous media using super-resolution},
	author={X.H. Zhou and J.E. McClure and C. Chen and H. Xiao},
	journal={Physical Review Fluids},
	volume={7},
	eid={074302},
	year={2022}
}

@article{singh2017machine,
	title={Machine-learning-augmented predictive modeling of turbulent separated flows over airfoils},
	author={Singh, Anand Pratap and Medida, Shivaji and Duraisamy, Karthik},
	journal={AIAA journal},
	volume={55},
	number={7},
	pages={2215--2227},
	year={2017},
	publisher={American Institute of Aeronautics and Astronautics}
}

@article{wang2017physics,
	title={Physics-informed machine learning approach for reconstructing Reynolds stress modeling discrepancies based on DNS data},
	author={Wang, Jian-Xun and Wu, Jin-Long and Xiao, Heng},
	journal={Physical Review Fluids},
	volume={2},
	number={3},
	pages={034603},
	year={2017},
	publisher={APS}
}


@article{gand2010flow,
	title={Flow dynamics past a simplified wing body junction},
	author={Gand, Fabien and Deck, S{\'e}bastien and Brunet, Vincent and Sagaut, Pierre},
	journal={Physics of Fluids},
	volume={22},
	number={11},
	year={2010},
	publisher={AIP Publishing}
}

@article{desideri2012multiple,
	title={Multiple-gradient descent algorithm (MGDA) for multiobjective optimization},
	author={D{\'e}sid{\'e}ri, Jean-Antoine},
	journal={Comptes Rendus Mathematique},
	volume={350},
	number={5-6},
	pages={313--318},
	year={2012},
	publisher={Elsevier}
}


@article{sener2018multi,
	title={Multi-task learning as multi-objective optimization},
	author={Sener, Ozan and Koltun, Vladlen},
	journal={Advances in neural information processing systems},
	volume={31},
	year={2018}
}


@techreport{rumsey2022nasa,
	title={NASA symposium on turbulence modeling: Roadblocks, and the potential for machine learning},
	author={Rumsey, CL and Coleman, GN},
	year={2022}
}

@article{han2022vcnn,
  title={VCNN-e: A vector-cloud neural network with equivariance for emulating Reynolds stress transport equations},
  author={Han, J and Zhou, XH and Xiao, H},
  journal={arXiv preprint arXiv:2201.01287},
  year={2022}
}

@article{cherroud2025space,
	title={Space-dependent Aggregation of Stochastic Data-driven Turbulence Models},
	author={Cherroud, Soufiane and Merle, Xavier and Cinnella, Paola and Gloerfelt, Xavier},
	journal={Journal of Computational Physics},
	pages={113793},
	year={2025},
	publisher={Elsevier}
}

@article{menter2019best,
	title={Best practice: generalized k-$\omega$ two-equation turbulence model in ANSYS CFD (GEKO)},
	author={Menter, FR and Lechner, R and Matyushenko, A},
	journal={ANSYS Germany GmbH},
	volume={107},
	pages={108},
	year={2019}
}

@article{fang2023toward,
	title={Toward more general turbulence models via multicase computational-fluid-dynamics-driven training},
	author={Fang, Yuan and Zhao, Yaomin and Waschkowski, Fabian and Ooi, Andrew SH and Sandberg, Richard D},
	journal={AIAA Journal},
	volume={61},
	number={5},
	pages={2100--2115},
	year={2023},
	publisher={American Institute of Aeronautics and Astronautics}
}

@article{cherry2008geometric,
	title={Geometric sensitivity of three-dimensional separated flows},
	author={Cherry, Erica M and Elkins, Christopher J and Eaton, John K},
	journal={International Journal of Heat and Fluid Flow},
	volume={29},
	number={3},
	pages={803--811},
	year={2008},
	publisher={Elsevier}
}