@article{huang2024diffdadiffusionmodelweatherscale,
      title={DiffDA: a Diffusion Model for Weather-scale Data Assimilation}, 
      author={Langwen Huang and Lukas Gianinazzi and Yuejiang Yu and Peter D. Dueben and Torsten Hoefler},
      year={2024},
      eprint={2401.05932},
      archivePrefix={arXiv},
      primaryClass={cs.CE},
      url={https://arxiv.org/abs/2401.05932}, 
}
